@book{lane1998categories,
  title={Categories for the Working Mathematician},
  author={Lane, S.M.},
  isbn={9780387984032},
  lccn={97045229},
  series={Graduate Texts in Mathematics},
  year={1998},
  publisher={Springer}
}

@book{riehl2017category,
  title={Category Theory in Context},
  author={Riehl, E.},
  isbn={9780486820804},
  series={Aurora: Dover Modern Math Originals},
  url={https://books.google.se/books?id=6B9MDgAAQBAJ},
  year={2017},
  publisher={Dover Publications}
}

@book{etingof2015tensor,
  title={Tensor Categories},
  author={Etingof, P. and Gelaki, S. and Nikshych, D. and Ostrik, V.},
  isbn={9781470420246},
  lccn={2015006773},
  series={Mathematical Surveys and Monographs},
  url={https://books.google.se/books?id=NwM-CgAAQBAJ},
  year={2015},
  publisher={American Mathematical Society}
}

