@inbook{Coleman_1985, 
    place={Cambridge}, 
    title={Renormalization and symmetry: a review for non-specialists}, 
    booktitle={Aspects of Symmetry: Selected Erice Lectures}, 
    publisher={Cambridge University Press}, 
    author={Coleman, Sidney}, 
    year={1985}, 
    pages={99-112}
}

@book{Deligne:1999qp,
    editor = "Deligne, P. and Etingof, P. and Freed, D. S. and Jeffrey, L. C. and Kazhdan, D. and Morgan, J. W. and Morrison, D. R. and Witten, Edward",
    title = "{Quantum fields and strings: A course for mathematicians. Vol. 1, 2}",
    isbn = "978-0-8218-2012-4",
    year = "1999"
}

@book{Schwartz:2014sze,
    author = "Schwartz, Matthew D.",
    title = "{Quantum Field Theory and the Standard Model}",
    isbn = "978-1-107-03473-0, 978-1-107-03473-0",
    publisher = "Cambridge University Press",
    month = "3",
    year = "2014"
}

@book{Peskin:1995ev,
    author = "Peskin, Michael E. and Schroeder, Daniel V.",
    title = "{An Introduction to quantum field theory}",
    doi = "10.1201/9780429503559",
    isbn = "978-0-201-50397-5, 978-0-429-50355-9, 978-0-429-49417-8",
    publisher = "Addison-Wesley",
    address = "Reading, USA",
    year = "1995"
}