@article{Gaiotto:2014kfa,
    author = "Gaiotto, Davide and Kapustin, Anton and Seiberg, Nathan and Willett, Brian",
    title = "{Generalized Global Symmetries}",
    eprint = "1412.5148",
    archivePrefix = "arXiv",
    primaryClass = "hep-th",
    doi = "10.1007/JHEP02(2015)172",
    journal = "JHEP",
    volume = "02",
    pages = "172",
    year = "2015"
}