@book{Weinberg:1995mt,
    author = "Weinberg, Steven",
    title = "{The Quantum theory of fields. Vol. 1: Foundations}",
    doi = "10.1017/CBO9781139644167",
    isbn = "978-0-521-67053-1, 978-0-511-25204-4",
    publisher = "Cambridge University Press",
    month = "6",
    year = "2005"
}