@inproceedings{Adamo:2022dcm,
    author = "Adamo, Tim and Carrasco, John Joseph M. and Carrillo-Gonz\'alez, Mariana and Chiodaroli, Marco and Elvang, Henriette and Johansson, Henrik and O'Connell, Donal and Roiban, Radu and Schlotterer, Oliver",
    title = "{Snowmass White Paper: the Double Copy and its Applications}",
    booktitle = "{Snowmass 2021}",
    eprint = "2204.06547",
    archivePrefix = "arXiv",
    primaryClass = "hep-th",
    reportNumber = "LCTP-22-05, UUITP-21/22",
    month = "4",
    year = "2022"
}

@article{Born:1934gh,
    author = "Born, M. and Infeld, L.",
    title = "{Foundations of the new field theory}",
    doi = "10.1098/rspa.1934.0059",
    journal = "Proc. Roy. Soc. Lond. A",
    volume = "144",
    number = "852",
    pages = "425--451",
    year = "1934"
}

@article{Berends:1987me,
    author = "Berends, Frits A. and Giele, W. T.",
    title = "{Recursive Calculations for Processes with n Gluons}",
    reportNumber = "Print-88-0100 (LEIDEN)",
    doi = "10.1016/0550-3213(88)90442-7",
    journal = "Nucl. Phys. B",
    volume = "306",
    pages = "759--808",
    year = "1988"
}

@article{Bern:1998sv,
    author = "Bern, Z. and Dixon, Lance J. and Perelstein, M. and Rozowsky, J. S.",
    title = "{Multileg one loop gravity amplitudes from gauge theory}",
    eprint = "hep-th/9811140",
    archivePrefix = "arXiv",
    reportNumber = "SLAC-PUB-7992, UCLA-98-TEP-28, UFIFT-HEP-98-33",
    doi = "10.1016/S0550-3213(99)00029-2",
    journal = "Nucl. Phys. B",
    volume = "546",
    pages = "423--479",
    year = "1999"
}

@article{Boels:2008fc,
    author = "Boels, Rutger and Larsen, Kasper J. and Obers, Niels A. and Vonk, Marcel",
    title = "{MHV, CSW and BCFW: Field theory structures in string theory amplitudes}",
    eprint = "0808.2598",
    archivePrefix = "arXiv",
    primaryClass = "hep-th",
    reportNumber = "WITS-CTP-038, UUITP-25-08",
    doi = "10.1088/1126-6708/2008/11/015",
    journal = "JHEP",
    volume = "11",
    pages = "015",
    year = "2008"
}

@article{Bern:2008qj,
    author = "Bern, Z. and Carrasco, J. J. M. and Johansson, Henrik",
    title = "{New Relations for Gauge-Theory Amplitudes}",
    eprint = "0805.3993",
    archivePrefix = "arXiv",
    primaryClass = "hep-ph",
    reportNumber = "UCLA-07-TEP-15",
    doi = "10.1103/PhysRevD.78.085011",
    journal = "Phys. Rev. D",
    volume = "78",
    pages = "085011",
    year = "2008"
}

@article{Bern:2010ue,
    author = "Bern, Zvi and Carrasco, John Joseph M. and Johansson, Henrik",
    title = "{Perturbative Quantum Gravity as a Double Copy of Gauge Theory}",
    eprint = "1004.0476",
    archivePrefix = "arXiv",
    primaryClass = "hep-th",
    reportNumber = "UCLA-10-TEP-102, SACLAY-IPHT-T10-044",
    doi = "10.1103/PhysRevLett.105.061602",
    journal = "Phys. Rev. Lett.",
    volume = "105",
    pages = "061602",
    year = "2010"
}

@article{Bern:2010yg,
    author = "Bern, Zvi and Dennen, Tristan and Huang, Yu-tin and Kiermaier, Michael",
    title = "{Gravity as the Square of Gauge Theory}",
    eprint = "1004.0693",
    archivePrefix = "arXiv",
    primaryClass = "hep-th",
    reportNumber = "UCLA-TEP-10-103, PUPT-2335",
    doi = "10.1103/PhysRevD.82.065003",
    journal = "Phys. Rev. D",
    volume = "82",
    pages = "065003",
    year = "2010"
}

@article{Bjerrum-Bohr:2010pnr,
    author = "Bjerrum-Bohr, N. E. J. and Damgaard, Poul H. and Sondergaard, Thomas and Vanhove, Pierre",
    title = "{The Momentum Kernel of Gauge and Gravity Theories}",
    eprint = "1010.3933",
    archivePrefix = "arXiv",
    primaryClass = "hep-th",
    reportNumber = "IPHT-T10-14, IHES-P-10-45",
    doi = "10.1007/JHEP01(2011)001",
    journal = "JHEP",
    volume = "01",
    pages = "001",
    year = "2011"
}

@article{Bern:2012uf,
    author = "Bern, Z. and Carrasco, J. J. M. and Dixon, L. J. and Johansson, H. and Roiban, R.",
    title = "{Simplifying Multiloop Integrands and Ultraviolet Divergences of Gauge Theory and Gravity Amplitudes}",
    eprint = "1201.5366",
    archivePrefix = "arXiv",
    primaryClass = "hep-th",
    reportNumber = "SLAC-PUB-14529",
    doi = "10.1103/PhysRevD.85.105014",
    journal = "Phys. Rev. D",
    volume = "85",
    pages = "105014",
    year = "2012"
}

@article{Boels:2013bi,
    author = "Boels, Rutger H. and Isermann, Reinke Sven and Monteiro, Ricardo and O'Connell, Donal",
    title = "{Colour-Kinematics Duality for One-Loop Rational Amplitudes}",
    eprint = "1301.4165",
    archivePrefix = "arXiv",
    primaryClass = "hep-th",
    doi = "10.1007/JHEP04(2013)107",
    journal = "JHEP",
    volume = "04",
    pages = "107",
    year = "2013"
}

@article{Bern:2019prr,
    author = "Bern, Zvi and Carrasco, John Joseph and Chiodaroli, Marco and Johansson, Henrik and Roiban, Radu",
    title = "{The duality between color and kinematics and its applications}",
    eprint = "1909.01358",
    archivePrefix = "arXiv",
    primaryClass = "hep-th",
    reportNumber = "CERN-TH-2019-135, UCLA/TEP/2019/104, NUHEP-TH/19-11, UUITP-35/19,
  NORDITA 2019-079",
    doi = "10.1088/1751-8121/ad5fd0",
    journal = "J. Phys. A",
    volume = "57",
    number = "33",
    pages = "333002",
    year = "2024"
}

@article{Bern:2022wqg,
    author = "Bern, Zvi and Carrasco, John Joseph and Chiodaroli, Marco and Johansson, Henrik and Roiban, Radu",
    title = "{The SAGEX review on scattering amplitudes Chapter 2: An invitation to color-kinematics duality and the double copy}",
    eprint = "2203.13013",
    archivePrefix = "arXiv",
    primaryClass = "hep-th",
    reportNumber = "SAGEX-22-03, UUITP-18/22",
    doi = "10.1088/1751-8121/ac93cf",
    journal = "J. Phys. A",
    volume = "55",
    number = "44",
    pages = "443003",
    year = "2022"
}

@article{Chalmers:1998jb,
    author = "Chalmers, G. and Siegel, W.",
    title = "{Simplifying algebra in Feynman graphs. Part 2. Spinor helicity from the space-cone}",
    eprint = "hep-ph/9801220",
    archivePrefix = "arXiv",
    reportNumber = "ITP-SB-98-05",
    doi = "10.1103/PhysRevD.59.045013",
    journal = "Phys. Rev. D",
    volume = "59",
    pages = "045013",
    year = "1999"
}

@article{Cachazo:2013hca,
    author = "Cachazo, Freddy and He, Song and Yuan, Ellis Ye",
    title = "{Scattering of Massless Particles in Arbitrary Dimensions}",
    eprint = "1307.2199",
    archivePrefix = "arXiv",
    primaryClass = "hep-th",
    doi = "10.1103/PhysRevLett.113.171601",
    journal = "Phys. Rev. Lett.",
    volume = "113",
    number = "17",
    pages = "171601",
    year = "2014"
}

@article{Cachazo:2013iea,
    author = "Cachazo, Freddy and He, Song and Yuan, Ellis Ye",
    title = "{Scattering of Massless Particles: Scalars, Gluons and Gravitons}",
    eprint = "1309.0885",
    archivePrefix = "arXiv",
    primaryClass = "hep-th",
    doi = "10.1007/JHEP07(2014)033",
    journal = "JHEP",
    volume = "07",
    pages = "033",
    year = "2014"
}

@article{Cachazo:2014xea,
    author = "Cachazo, Freddy and He, Song and Yuan, Ellis Ye",
    title = "{Scattering Equations and Matrices: From Einstein To Yang-Mills, DBI and NLSM}",
    eprint = "1412.3479",
    archivePrefix = "arXiv",
    primaryClass = "hep-th",
    doi = "10.1007/JHEP07(2015)149",
    journal = "JHEP",
    volume = "07",
    pages = "149",
    year = "2015"
}

@article{Cachazo:2015ksa,
    author = "Cachazo, Freddy and He, Song and Yuan, Ellis Ye",
    title = "{New Double Soft Emission Theorems}",
    eprint = "1503.04816",
    archivePrefix = "arXiv",
    primaryClass = "hep-th",
    doi = "10.1103/PhysRevD.92.065030",
    journal = "Phys. Rev. D",
    volume = "92",
    number = "6",
    pages = "065030",
    year = "2015"
}

@inproceedings{Carrasco:2015iwa,
    author = "Carrasco, John Joseph M.",
    title = "{TASI 2014: lectures on gauge and gravity amplitude relations.}",
    booktitle = "{Theoretical Advanced Study Institute in Elementary Particle Physics}: {Journeys Through the Precision Frontier: Amplitudes for Colliders}",
    eprint = "1506.00974",
    archivePrefix = "arXiv",
    primaryClass = "hep-th",
    doi = "10.1142/9789814678766_0011",
    publisher = "WSP",
    pages = "477--557",
    year = "2015"
}

@article{Cheung:2016prv,
    author = "Cheung, Clifford and Shen, Chia-Hsien",
    title = "{Symmetry for Flavor-Kinematics Duality from an Action}",
    eprint = "1612.00868",
    archivePrefix = "arXiv",
    primaryClass = "hep-th",
    reportNumber = "CALT-TH-2016-035",
    doi = "10.1103/PhysRevLett.118.121601",
    journal = "Phys. Rev. Lett.",
    volume = "118",
    number = "12",
    pages = "121601",
    year = "2017"
}

@article{Carrasco:2016ldy,
    author = "Carrasco, John Joseph M. and Mafra, Carlos R. and Schlotterer, Oliver",
    title = "{Abelian Z-theory: NLSM amplitudes and $\alpha$'-corrections from the open string}",
    eprint = "1608.02569",
    archivePrefix = "arXiv",
    primaryClass = "hep-th",
    doi = "10.1007/JHEP06(2017)093",
    journal = "JHEP",
    volume = "06",
    pages = "093",
    year = "2017"
}

@article{Carrasco:2016ygv,
    author = "Carrasco, John Joseph M. and Mafra, Carlos R. and Schlotterer, Oliver",
    title = "{Semi-abelian Z-theory: NLSM$+\phi^{3}$ from the open string}",
    eprint = "1612.06446",
    archivePrefix = "arXiv",
    primaryClass = "hep-th",
    doi = "10.1007/JHEP08(2017)135",
    journal = "JHEP",
    volume = "08",
    pages = "135",
    year = "2017"
}

@inproceedings{Cheung:2017pzi,
    author = "Cheung, Clifford",
    title = "{TASI lectures on scattering amplitudes.}",
    booktitle = "{Theoretical Advanced Study Institute in Elementary Particle Physics}: {Anticipating the Next Discoveries in Particle Physics}",
    eprint = "1708.03872",
    archivePrefix = "arXiv",
    primaryClass = "hep-ph",
    reportNumber = "CALT-TH-2017-041",
    doi = "10.1142/9789813233348_0008",
    pages = "571--623",
    year = "2018"
}

@article{Chiodaroli:2017ngp,
    author = "Chiodaroli, Marco and Gunaydin, Murat and Johansson, Henrik and Roiban, Radu",
    title = "{Explicit Formulae for Yang-Mills-Einstein Amplitudes from the Double Copy}",
    eprint = "1703.00421",
    archivePrefix = "arXiv",
    primaryClass = "hep-th",
    reportNumber = "UUITP-07-17, NORDITA-2017-19",
    doi = "10.1007/JHEP07(2017)002",
    journal = "JHEP",
    volume = "07",
    pages = "002",
    year = "2017"
}

@inproceedings{Dixon:1996wi,
    author = "Dixon, Lance J.",
    title = "{Calculating scattering amplitudes efficiently}",
    booktitle = "{Theoretical Advanced Study Institute in Elementary Particle Physics (TASI 95): QCD and Beyond}",
    eprint = "hep-ph/9601359",
    archivePrefix = "arXiv",
    reportNumber = "SLAC-PUB-7106",
    pages = "539--584",
    month = "1",
    year = "1996"
}

@article{DelDuca:1999rs,
    author = "Del Duca, Vittorio and Dixon, Lance J. and Maltoni, Fabio",
    title = "{New color decompositions for gauge amplitudes at tree and loop level}",
    eprint = "hep-ph/9910563",
    archivePrefix = "arXiv",
    reportNumber = "SLAC-PUB-8294, DFTT-53-99",
    doi = "10.1016/S0550-3213(99)00809-3",
    journal = "Nucl. Phys. B",
    volume = "571",
    pages = "51--70",
    year = "2000"
}

@article{Du:2016tbc,
    author = "Du, Yi-Jian and Fu, Chih-Hao",
    title = "{Explicit BCJ numerators of nonlinear simga model}",
    eprint = "1606.05846",
    archivePrefix = "arXiv",
    primaryClass = "hep-th",
    doi = "10.1007/JHEP09(2016)174",
    journal = "JHEP",
    volume = "09",
    pages = "174",
    year = "2016"
}

@book{Elvang:2015rqa,
    author = "Elvang, Henriette and Huang, Yu-tin",
    title = "{Scattering Amplitudes in Gauge Theory and Gravity}",
    isbn = "978-1-316-19142-2, 978-1-107-06925-1",
    publisher = "Cambridge University Press",
    month = "4",
    year = "2015"
}

@article{Fradkin:1985qd,
    author = "Fradkin, E. S. and Tseytlin, Arkady A.",
    title = "{Nonlinear Electrodynamics from Quantized Strings}",
    reportNumber = "LEBEDEV-85-193",
    doi = "10.1016/0370-2693(85)90205-9",
    journal = "Phys. Lett. B",
    volume = "163",
    pages = "123--130",
    year = "1985"
}

@article{He:2015wgf,
    author = "He, Song and Monteiro, Ricardo and Schlotterer, Oliver",
    title = "{String-inspired BCJ numerators for one-loop MHV amplitudes}",
    eprint = "1507.06288",
    archivePrefix = "arXiv",
    primaryClass = "hep-th",
    doi = "10.1007/JHEP01(2016)171",
    journal = "JHEP",
    volume = "01",
    pages = "171",
    year = "2016"
}

@article{He:2016mzd,
    author = "He, Song and Schlotterer, Oliver",
    title = "{New Relations for Gauge-Theory and Gravity Amplitudes at Loop Level}",
    eprint = "1612.00417",
    archivePrefix = "arXiv",
    primaryClass = "hep-th",
    doi = "10.1103/PhysRevLett.118.161601",
    journal = "Phys. Rev. Lett.",
    volume = "118",
    number = "16",
    pages = "161601",
    year = "2017"
}

@article{Kleiss:1988ne,
    author = "Kleiss, Ronald and Kuijf, Hans",
    title = "{Multi - Gluon Cross-sections and Five Jet Production at Hadron Colliders}",
    reportNumber = "Print-88-0425 (LEIDEN)",
    doi = "10.1016/0550-3213(89)90574-9",
    journal = "Nucl. Phys. B",
    volume = "312",
    pages = "616--644",
    year = "1989"
}

@article{Kawai:1985xq,
    author = "Kawai, H. and Lewellen, D. C. and Tye, S. H. H.",
    title = "{A Relation Between Tree Amplitudes of Closed and Open Strings}",
    reportNumber = "CLNS-85/667",
    doi = "10.1016/0550-3213(86)90362-7",
    journal = "Nucl. Phys. B",
    volume = "269",
    pages = "1--23",
    year = "1986"
}

@article{Kampf:2012fn,
    author = "Kampf, Karol and Novotny, Jiri and Trnka, Jaroslav",
    title = "{Recursion relations for tree-level amplitudes in the $SU(N)$ nonlinear sigma model}",
    eprint = "1212.5224",
    archivePrefix = "arXiv",
    primaryClass = "hep-th",
    reportNumber = "PUPT-2436",
    doi = "10.1103/PhysRevD.87.081701",
    journal = "Phys. Rev. D",
    volume = "87",
    number = "8",
    pages = "081701",
    year = "2013"
}

@article{Kampf:2013vha,
    author = "Kampf, Karol and Novotny, Jiri and Trnka, Jaroslav",
    title = "{Tree-level Amplitudes in the Nonlinear Sigma Model}",
    eprint = "1304.3048",
    archivePrefix = "arXiv",
    primaryClass = "hep-th",
    reportNumber = "PUPT-2443",
    doi = "10.1007/JHEP05(2013)032",
    journal = "JHEP",
    volume = "05",
    pages = "032",
    year = "2013"
}

@article{Metsaev:1987qp,
    author = "Metsaev, R. R. and Rakhmanov, Malik and Tseytlin, Arkady A.",
    title = "{The {Born-Infeld} Action as the Effective Action in the Open Superstring Theory}",
    reportNumber = "PRINT-87-0444 (LEBEDEV-INST)",
    doi = "10.1016/0370-2693(87)91223-8",
    journal = "Phys. Lett. B",
    volume = "193",
    pages = "207--212",
    year = "1987"
}

@article{Mangano:1990by,
    author = "Mangano, Michelangelo L. and Parke, Stephen J.",
    title = "{Multiparton amplitudes in gauge theories}",
    eprint = "hep-th/0509223",
    archivePrefix = "arXiv",
    reportNumber = "FERMILAB-PUB-90-113-T",
    doi = "10.1016/0370-1573(91)90091-Y",
    journal = "Phys. Rept.",
    volume = "200",
    pages = "301--367",
    year = "1991"
}

@article{Mafra:2011kj,
    author = "Mafra, Carlos R. and Schlotterer, Oliver and Stieberger, Stephan",
    title = "{Explicit BCJ Numerators from Pure Spinors}",
    eprint = "1104.5224",
    archivePrefix = "arXiv",
    primaryClass = "hep-th",
    doi = "10.1007/JHEP07(2011)092",
    journal = "JHEP",
    volume = "07",
    pages = "092",
    year = "2011"
}

@article{Monteiro:2011pc,
    author = "Monteiro, Ricardo and O'Connell, Donal",
    title = "{The Kinematic Algebra From the Self-Dual Sector}",
    eprint = "1105.2565",
    archivePrefix = "arXiv",
    primaryClass = "hep-th",
    doi = "10.1007/JHEP07(2011)007",
    journal = "JHEP",
    volume = "07",
    pages = "007",
    year = "2011"
}

@article{Mafra:2016ltu,
    author = "Mafra, Carlos R.",
    title = "{Berends-Giele recursion for double-color-ordered amplitudes}",
    eprint = "1603.09731",
    archivePrefix = "arXiv",
    primaryClass = "hep-th",
    doi = "10.1007/JHEP07(2016)080",
    journal = "JHEP",
    volume = "07",
    pages = "080",
    year = "2016"
}

@article{Parke:1986gb,
    author = "Parke, Stephen J. and Taylor, T. R.",
    title = "{An Amplitude for $n$ Gluon Scattering}",
    reportNumber = "FERMILAB-PUB-86-042-T",
    doi = "10.1103/PhysRevLett.56.2459",
    journal = "Phys. Rev. Lett.",
    volume = "56",
    pages = "2459",
    year = "1986"
}

@article{Tseytlin:1999dj,
    author = "Tseytlin, Arkady A.",
    editor = "Shifman, Mikhail A.",
    title = "{Born-Infeld action, supersymmetry and string theory}",
    eprint = "hep-th/9908105",
    archivePrefix = "arXiv",
    reportNumber = "IMPERIAL-TP-98-99-67",
    doi = "10.1142/9789812793850_0025",
    pages = "417--452",
    month = "8",
    year = "1999"
}
